<?xml version="1.0" encoding="UTF-8"?><collection xmlns="http://www.loc.gov/MARC21/slim"><record><leader>00388nam--2200133-i-4500</leader><controlfield tag="001">000024694</controlfield><controlfield tag="002">20161230</controlfield><controlfield tag="005">20161230201035</controlfield><controlfield tag="008">060222s1000------------r-----000-0-eng-d</controlfield><datafield ind1=" " ind2=" " tag="080"><subfield code="a">621.375.7(043)</subfield></datafield><datafield ind1=" " ind2=" " tag="100"><subfield code="a">Jelenski, Andre</subfield></datafield><datafield ind1=" " ind2=" " tag="245"><subfield code="a">Sur les amplificateurs parametriques et leur application a la resonance magnetique. these</subfield></datafield><datafield ind1=" " ind2=" " tag="260"><subfield code="a">Paris, L`Universite, 1963, 131p</subfield></datafield><datafield ind1=" " ind2=" " tag="852"><subfield code="a">77038</subfield></datafield></record></collection>